
@phdthesis{alex_automatic_????,
	title = {Automatic detection of {English} inclusions in mixed-lingual data with an application to parsing},
	author = {Alex, Beatrice},
	file = {Alex_Automatic detection of English inclusions in mixed-lingual data with an.pdf:/home/arshad/Dropbox/zotero-material/Alex_Automatic detection of English inclusions in mixed-lingual data with an.pdf:application/pdf}
}

@article{annamalai_anglicized_1978,
	title = {The anglicized {Indian} languages: {A} case of code mixing},
	volume = {7},
	number = {2},
	journal = {International Journal of Dravidian Linguistics},
	author = {Annamalai, E.},
	year = {1978},
	pages = {239--47}
}

@incollection{hutchison_lost_2013,
	address = {Berlin, Heidelberg},
	title = {Lost in {Translation}: {Viability} of {Machine} {Translation} for {Cross} {Language} {Sentiment} {Analysis}},
	volume = {7817},
	isbn = {978-3-642-37255-1 978-3-642-37256-8},
	shorttitle = {Lost in {Translation}},
	url = {http://link.springer.com/10.1007/978-3-642-37256-8_4},
	urldate = {2015-11-11},
	booktitle = {Computational {Linguistics} and {Intelligent} {Text} {Processing}},
	publisher = {Springer Berlin Heidelberg},
	author = {A.R., Balamurali and Khapra, Mitesh M. and Bhattacharyya, Pushpak},
	editor = {Hutchison, David and Kanade, Takeo and Kittler, Josef and Kleinberg, Jon M. and Mattern, Friedemann and Mitchell, John C. and Naor, Moni and Nierstrasz, Oscar and Pandu Rangan, C. and Steffen, Bernhard and Sudan, Madhu and Terzopoulos, Demetri and Tygar, Doug and Vardi, Moshe Y. and Weikum, Gerhard and Gelbukh, Alexander},
	year = {2013},
	pages = {38--49},
	file = {A.R. et al_2013_Lost in Translation - Viability of Machine Translation for Cross Language.pdf:/home/arshad/Dropbox/zotero-material/A.R. et al_2013_Lost in Translation - Viability of Machine Translation for Cross Language.pdf:application/pdf}
}

@article{ar_haves_????,
	title = {The {Haves} and the {Have}-{Nots}: {Leveraging} {Unlabelled} {Corpora} for {Sentiment} {Analysis}},
	shorttitle = {The {Haves} and the {Have}-{Nots}},
	url = {http://www.aclweb.org/website/old_anthology/P/P13/P13-1041.pdf},
	urldate = {2015-11-11},
	author = {AR, Kashyap Popat2 Balamurali and Bhattacharyya, Pushpak and Haffari, Gholamreza},
	file = {Leveraging unlabelled corpora for sentiment analysis.pdf:/home/arshad/Dropbox/zotero data2/storage/JC4IQX8D/Leveraging unlabelled corpora for sentiment analysis.pdf:application/pdf}
}

@phdthesis{arora_sentiment_2013,
	title = {Sentiment {Analysis} for {Hindi} {Language}},
	url = {http://web2py.iiit.ac.in/research_centres/publications/download/mastersthesis.pdf.9c3c54eb6587e822.46696e616c5f5468657369732e706466.pdf},
	urldate = {2015-12-07},
	school = {International Institute of Information Technology Hyderabad},
	author = {Arora, Piyush},
	year = {2013},
	file = {Arora_2013_Sentiment Analysis for Hindi Language.pdf:/home/arshad/Dropbox/zotero-material/Arora_2013_Sentiment Analysis for Hindi Language.pdf:application/pdf}
}

@inproceedings{bakliwal_hindi_2012,
	title = {Hindi subjective lexicon: {A} lexical resource for hindi polarity classification},
	shorttitle = {Hindi subjective lexicon},
	url = {http://web2py.iiit.ac.in/research_centres/publications/download/inproceedings.pdf.a92646aa66336f21.4c5245432731322d3637332e706466.pdf},
	urldate = {2015-12-07},
	booktitle = {Proceedings of the {Eight} {International} {Conference} on {Language} {Resources} and {Evaluation} ({LREC})},
	author = {Bakliwal, Akshat and Arora, Piyush and Varma, Vasudeva},
	year = {2012},
	file = {Bakliwal et al_2012_Hindi subjective lexicon - A lexical resource for hindi polarity classification.pdf:/home/arshad/Dropbox/zotero-material/Bakliwal et al_2012_Hindi subjective lexicon - A lexical resource for hindi polarity classification.pdf:application/pdf}
}

@inproceedings{balamurali_harnessing_2011,
	title = {Harnessing wordnet senses for supervised sentiment classification},
	url = {http://dl.acm.org/citation.cfm?id=2145548},
	urldate = {2015-11-11},
	booktitle = {Proceedings of the {Conference} on {Empirical} {Methods} in {Natural} {Language} {Processing}},
	publisher = {Association for Computational Linguistics},
	author = {Balamurali, A. R. and Joshi, Aditya and Bhattacharyya, Pushpak},
	year = {2011},
	pages = {1081--1091},
	file = {Balamurali et al_2011_Harnessing wordnet senses for supervised sentiment classification.pdf:/home/arshad/Dropbox/zotero-material/Balamurali et al_2011_Harnessing wordnet senses for supervised sentiment classification.pdf:application/pdf}
}

@inproceedings{balamurali_robust_2011,
	title = {Robust sense-based sentiment classification},
	url = {http://dl.acm.org/citation.cfm?id=2107670},
	urldate = {2015-11-11},
	booktitle = {Proceedings of the 2nd {Workshop} on {Computational} {Approaches} to {Subjectivity} and {Sentiment} {Analysis}},
	publisher = {Association for Computational Linguistics},
	author = {Balamurali, A. R. and Joshi, Aditya and Bhattacharyya, Pushpak},
	year = {2011},
	pages = {132--138},
	file = {Robust Sense Based Sentiment Classification.pdf:/home/arshad/Dropbox/zotero data2/storage/MTK9QHKE/Robust Sense Based Sentiment Classification.pdf:application/pdf}
}

@inproceedings{balamurali_a_r_cross-lingual_????,
	title = {Cross-{Lingual} {Sentiment} {Analysis} for {Indian} {Languages} using {Linked} {WordNets}},
	doi = {10.1.1.379.149},
	author = {{Balamurali A R} and {Aditya Joshi} and {Pushpak Bhattacharyya}},
	file = {Balamurali A R et al_Cross-Lingual Sentiment Analysis for Indian Languages using Linked WordNets.pdf:/home/arshad/Dropbox/zotero-material/Balamurali A R et al_Cross-Lingual Sentiment Analysis for Indian Languages using Linked WordNets.pdf:application/pdf}
}

@inproceedings{banea_word_2011,
	title = {Word sense disambiguation with multilingual features},
	booktitle = {Proceedings of the {Ninth} {International} {Conference} on {Computational} {Semantics}},
	publisher = {Association for Computational Linguistics},
	author = {Banea, Carmen and Mihalcea, Rada},
	year = {2011},
	pages = {25--34}
}

@article{bansal_sentiment_????,
	title = {Sentiment {Analysis} {In} {Hindi}},
	url = {http://cse.iitk.ac.in/users/cs671/2013/submissions/umair/project/report.pdf},
	urldate = {2015-12-07},
	author = {Bansal, Naman and Ahmed, Umair Z.},
	file = {Bansal_Ahmed_Sentiment Analysis In Hindi.pdf:/home/arshad/Dropbox/zotero-material/Bansal_Ahmed_Sentiment Analysis In Hindi2.pdf:application/pdf}
}

@article{barman_code_2014,
	title = {Code {Mixing}: {A} {Challenge} for {Language} {Identification} in the {Language} of {Social} {Media}},
	journal = {EMNLP 2014},
	author = {Barman, Utsab and Das, Amitava and Wagner, Joachim and Foster, Jennifer},
	year = {2014},
	pages = {13},
	file = {Barman et al_2014_Code Mixing.pdf:/home/arshad/Dropbox/zotero-material/Barman et al_2014_Code Mixing2.pdf:application/pdf}
}

@article{cho_enhancing_????,
	title = {Enhancing {Lexicon}-{Based} {Review} {Classification} by {Merging} and {Revising} {Sentiment} {Dictionaries}},
	author = {Cho, Heeryon and Kim, Jong-Seok Lee Songkuk},
	file = {Cho_Kim_Enhancing Lexicon-Based Review Classification by Merging and Revising Sentiment.pdf:/home/arshad/Dropbox/zotero-material/Cho_Kim_Enhancing Lexicon-Based Review Classification by Merging and Revising Sentiment.pdf:application/pdf}
}

@article{clark_text_2011,
	title = {Text normalization in social media: progress, problems and applications for a pre-processing system of casual {English}},
	volume = {27},
	journal = {Procedia-Social and Behavioral Sciences},
	author = {Clark, Eleanor and Araki, Kenji},
	year = {2011},
	pages = {2--11},
	file = {Clark_Araki_2011_Text normalization in social media.pdf:/home/arshad/Dropbox/zotero-material/Clark_Araki_2011_Text normalization in social media.pdf:application/pdf}
}

@article{dewaele_emotions_2010,
	title = {Emotions in multiple languages},
	author = {Dewaele, Jean-Marc},
	year = {2010}
}

@inproceedings{elfardy_token_2012,
	title = {Token {Level} {Identification} of {Linguistic} {Code} {Switching}.},
	booktitle = {{COLING} ({Posters})},
	author = {Elfardy, Heba and Diab, Mona T.},
	year = {2012},
	pages = {287--296}
}

@article{gold_language_1967,
	title = {Language identification in the limit},
	volume = {10},
	number = {5},
	journal = {Information and control},
	author = {Gold, E. Mark},
	year = {1967},
	pages = {447--474}
}

@inproceedings{gupta_mining_2012,
	title = {Mining {Hindi}-{English} {Transliteration} {Pairs} from {Online} {Hindi} {Lyrics}.},
	url = {http://lrec.elra.info/proceedings/lrec2012/pdf/365_Paper.pdf},
	urldate = {2015-11-11},
	booktitle = {{LREC}},
	author = {Gupta, Kanika and Choudhury, Monojit and Bali, Kalika},
	year = {2012},
	pages = {2459--2465},
	file = {Gupta et al_2012_Mining Hindi-English Transliteration Pairs from Online Hindi Lyrics.pdf:/home/arshad/Dropbox/zotero-material/Gupta et al_2012_Mining Hindi-English Transliteration Pairs from Online Hindi Lyrics.pdf:application/pdf}
}

@article{haas_subsentential_????,
	title = {Subsentential {Sentiment} on a {Shoestring}: {A} {Crosslingual} {Analysis} of {Compositional} {Classification}},
	shorttitle = {Subsentential {Sentiment} on a {Shoestring}},
	url = {http://www.cl.uni-heidelberg.de/~versley/HeiST/naacl_sentiment.pdf},
	urldate = {2015-11-11},
	author = {Haas, Michael and Versley, Yannick},
	file = {Sentiment Analysis - A Crosslingual Analysis of Compositional Classification.pdf:/home/arshad/Dropbox/zotero data2/storage/9UIM43GZ/Sentiment Analysis - A Crosslingual Analysis of Compositional Classification.pdf:application/pdf}
}

@article{jain_hindi_????,
	title = {Hindi {Stemmer}@ {FIRE}-2013},
	url = {http://irsi.res.in/fire/wn/MET/2013METAnubhaMANIT.pdf},
	urldate = {2015-12-07},
	author = {Jain, Anubha and Das, Sujoy},
	file = {Jain_Das_Hindi Stemmer@ FIRE-2013.pdf:/home/arshad/Dropbox/zotero-material/Jain_Das_Hindi Stemmer@ FIRE-2013.pdf:application/pdf}
}

@article{jhamtani_word-level_2014,
	title = {Word-level {Language} {Identification} in {Bi}-lingual {Code}-switched {Texts}},
	url = {http://www.aclweb.org/anthology/Y/Y14/Y14-1041.pdf},
	urldate = {2015-11-11},
	author = {Jhamtani, Harsh and Bhogi, Suleep Kumar and Raychoudhury, Vaskar},
	year = {2014},
	file = {Jhamtani et al_2014_Word-level Language Identification in Bi-lingual Code-switched Texts.pdf:/home/arshad/Dropbox/zotero-material/Jhamtani et al_2014_Word-level Language Identification in Bi-lingual Code-switched Texts.pdf:application/pdf}
}

@inproceedings{joshi_c-feel-it:_2011,
	title = {C-{Feel}-{It}: a sentiment analyzer for micro-blogs},
	shorttitle = {C-{Feel}-{It}},
	url = {http://dl.acm.org/citation.cfm?id=2002462},
	urldate = {2015-11-11},
	booktitle = {Proceedings of the 49th {Annual} {Meeting} of the {Association} for {Computational} {Linguistics}: {Human} {Language} {Technologies}: {Systems} {Demonstrations}},
	publisher = {Association for Computational Linguistics},
	author = {Joshi, Aditya and Balamurali, A. R. and Bhattacharyya, Pushpak and Mohanty, Rajat},
	year = {2011},
	pages = {127--132},
	file = {Sentiment Analysis for Microblogs.pdf:/home/arshad/Dropbox/zotero data2/storage/WQWTNZEQ/Sentiment Analysis for Microblogs.pdf:application/pdf}
}

@article{joshi_fall-back_2010,
	title = {A fall-back strategy for sentiment analysis in hindi: a case study},
	shorttitle = {A fall-back strategy for sentiment analysis in hindi},
	url = {http://www.cse.iitb.ac.in/~balamurali/papers/ICON%20229.pdf},
	urldate = {2015-11-11},
	journal = {Proceedings of the 8th ICON},
	author = {Joshi, Aditya and Balamurali, A. R. and Bhattacharyya, Pushpak},
	year = {2010},
	file = {Joshi et al_2010_A fall-back strategy for sentiment analysis in hindi - a case study.pdf:/home/arshad/Dropbox/zotero-material/Joshi et al_2010_A fall-back strategy for sentiment analysis in hindi - a case study.pdf:application/pdf}
}

@article{karimi_machine_2011,
	title = {Machine transliteration survey},
	volume = {43},
	number = {3},
	journal = {ACM Computing Surveys (CSUR)},
	author = {Karimi, Sarvnaz and Scholer, Falk and Turpin, Andrew},
	year = {2011},
	pages = {17},
	file = {Karimi et al_2011_Machine transliteration survey.pdf:/home/arshad/Dropbox/zotero-material/Karimi et al_2011_Machine transliteration survey.pdf:application/pdf}
}

@article{kashyap_hindi_????,
	title = {Hindi {Word} {Sense} {Disambiguation}},
	url = {http://megha.garudaindia.in/iitb-nlp/hindiwn/papers/HindiWSD.pdf},
	urldate = {2015-12-07},
	author = {Kashyap, Prabhakar Pandey Laxmi},
	file = {Kashyap_Hindi Word Sense Disambiguation.pdf:/home/arshad/Dropbox/zotero-material/Kashyap_Hindi Word Sense Disambiguation.pdf:application/pdf}
}

@inproceedings{king_labeling_2013,
	title = {Labeling the {Languages} of {Words} in {Mixed}-{Language} {Documents} using {Weakly} {Supervised} {Methods}.},
	booktitle = {{HLT}-{NAACL}},
	author = {King, Ben and Abney, Steven P.},
	year = {2013},
	pages = {1110--1119},
	file = {King_Abney_2013_Labeling the Languages of Words in Mixed-Language Documents using Weakly.pdf:/home/arshad/Dropbox/zotero-material/King_Abney_2013_Labeling the Languages of Words in Mixed-Language Documents using Weakly.pdf:application/pdf}
}

@article{kiritchenko_sentiment_2014,
	title = {Sentiment analysis of short informal texts},
	url = {http://www.jair.org/papers/paper4272.html},
	urldate = {2015-11-11},
	journal = {Journal of Artificial Intelligence Research},
	author = {Kiritchenko, Svetlana and Zhu, Xiaodan and Mohammad, Saif M.},
	year = {2014},
	pages = {723--762},
	file = {Sentiment Analysis of Short Informal Texts.pdf:/home/arshad/Dropbox/zotero data2/storage/EWZC5ETB/Sentiment Analysis of Short Informal Texts.pdf:application/pdf}
}

@inproceedings{kundu_automatic_2012,
	title = {Automatic detection of {English} words in {Benglish} text: {A} statistical approach},
	isbn = {1-4673-4367-6},
	booktitle = {Intelligent {Human} {Computer} {Interaction} ({IHCI}), 2012 4th {International} {Conference} on},
	publisher = {IEEE},
	author = {Kundu, Bijoy and Chandra, Swarup},
	year = {2012},
	pages = {1--4}
}

@inproceedings{mittal_sentiment_2013,
	title = {Sentiment {Analysis} of {Hindi} {Review} based on {Negation} and {Discourse} {Relation}},
	url = {http://www.basantagarwal.com/wp-content/uploads/2013/02/IJCNLP-WORKSHOP_W13-4306.pdf},
	urldate = {2015-12-07},
	booktitle = {Sixth {International} {Joint} {Conference} on {Natural} {Language} {Processing}},
	author = {Mittal, Namita and Agarwal, Basant and Chouhan, Garvit and Bania, Nitin and Pareek, Prateek},
	year = {2013},
	pages = {45},
	file = {Mittal et al_2013_Sentiment Analysis of Hindi Review based on Negation and Discourse Relation.pdf:/home/arshad/Dropbox/zotero-material/Mittal et al_2013_Sentiment Analysis of Hindi Review based on Negation and Discourse Relation.pdf:application/pdf}
}

@article{neelima_indisent_2015,
	title = {{IndiSent} {Analysis} in {Twitter} using {Machine} {Learning} {Methods}},
	volume = {3},
	issn = {2320-9801},
	doi = {10.15680/ijircce.2015. 03071127},
	number = {7},
	journal = {International Journal of Innovative Research in Computer and Communication Engineering},
	author = {{Neelima} and {Dr. Ela Kumar}},
	month = jul,
	year = {2015},
	file = {Neelima_Dr. Ela Kumar_2015_IndiSent Analysis in Twitter using Machine Learning Methods.pdf:/home/arshad/Dropbox/zotero-material/Neelima_Dr. Ela Kumar_2015_IndiSent Analysis in Twitter using Machine Learning Methods.pdf:application/pdf}
}

@article{ortigosa-hernandez_approaching_2012,
	title = {Approaching {Sentiment} {Analysis} by using semi-supervised learning of multi-dimensional classifiers},
	volume = {92},
	url = {http://www.sciencedirect.com/science/article/pii/S0925231212001282},
	urldate = {2015-11-11},
	journal = {Neurocomputing},
	author = {Ortigosa-Hernández, Jonathan and Rodríguez, Juan Diego and Alzate, Leandro and Lucania, Manuel and Inza, Iñaki and Lozano, Jose A.},
	year = {2012},
	pages = {98--115},
	file = {Approaching Sentiment Analysis by Using Semi-supervised Learning of Multi- dimensional Classifiers.pdf:/home/arshad/Dropbox/zotero data2/storage/H5MFED84/Approaching Sentiment Analysis by Using Semi-supervised Learning of Multi- dimensional Classifiers.pdf:application/pdf}
}

@article{pandey_framework_2015,
	title = {A {Framework} for {Sentiment} {Analysis} in {Hindi} using {HSWN}},
	volume = {119},
	url = {http://search.proquest.com/openview/1549cf02e0848335d2dd7a268e05f025/1?pq-origsite=gscholar},
	number = {19},
	urldate = {2015-11-11},
	journal = {International Journal of Computer Applications},
	author = {Pandey, Pooja and Govilkar, Sharvari},
	year = {2015},
	file = {Pandey_Govilkar_2015_A Framework for Sentiment Analysis in Hindi using HSWN.pdf:/home/arshad/Dropbox/zotero-material/Pandey_Govilkar_2015_A Framework for Sentiment Analysis in Hindi using HSWN.pdf:application/pdf}
}

@article{pandey_survey_2015,
	title = {A {Survey} of {Sentiment} {Classification} {Techniques} {Used} for {Indian} {Regional} {Languages}},
	volume = {5},
	issn = {22000011},
	url = {http://www.airccse.org/journal/ijcsa/papers/5215ijcsa02.pdf},
	doi = {10.5121/ijcsa.2015.5202},
	number = {2},
	urldate = {2015-11-11},
	journal = {International Journal on Computational Science \& Applications},
	author = {Pandey, Pooja and Govilkar, Sharvari},
	month = apr,
	year = {2015},
	pages = {13--26},
	file = {A SURVEY OF S ENTIMENT CLASSIFICATION TECHNIQUES USED FOR I NDIAN REGIONAL LANGUAGES.pdf:/home/arshad/Dropbox/zotero data2/storage/XW6VKTFC/A SURVEY OF S ENTIMENT CLASSIFICATION TECHNIQUES USED FOR I NDIAN REGIONAL LANGUAGES.pdf:application/pdf}
}

@article{seshadri_new_2015,
	title = {A {New} {Technique} for {Opinion} {Mining} of {Hinglish} {Words}},
	volume = {4},
	issn = {2319-8753},
	doi = {10.15680/IJIRSET.2015.0408066},
	number = {8},
	author = {Seshadri, Subramaniam and Lohidasan, Ashwin and Lokhande, Rohini and Save, Ashwini and P.Nagarhalli, Tatwadarshi},
	month = aug,
	year = {2015},
	keywords = {Hinglish, Machine Learning, Naive Bayes, Opinion Mining, Sentiment Analysis},
	file = {A New Technique for Opinion Mining of Hinglish Words.pdf:/home/arshad/Dropbox/zotero data2/storage/TGJK36RN/A New Technique for Opinion Mining of Hinglish Words.pdf:application/pdf}
}

@article{sharma_polarity_2014,
	title = {Polarity {Detection} of {Movie} {Reviews} in {Hindi} {Language}},
	volume = {4},
	issn = {22000011},
	url = {http://www.airccse.org/journal/ijcsa/papers/4414ijcsa05.pdf},
	doi = {10.5121/ijcsa.2014.4405},
	number = {4},
	urldate = {2015-12-07},
	journal = {International Journal on Computational Science \& Applications},
	author = {Sharma, Richa and Nigam, Shweta and Jain, Rekha},
	month = aug,
	year = {2014},
	pages = {49--57},
	file = {Sharma et al_2014_Polarity Detection of Movie Reviews in Hindi Language.pdf:/home/arshad/Dropbox/zotero-material/Sharma et al_2014_Polarity Detection of Movie Reviews in Hindi Language.pdf:application/pdf}
}

@inproceedings{sharma_text_2015,
	title = {Text normalization of code mix and sentiment analysis},
	url = {http://ieeexplore.ieee.org/xpls/abs_all.jsp?arnumber=7275819},
	urldate = {2015-11-13},
	booktitle = {Advances in {Computing}, {Communications} and {Informatics} ({ICACCI}), 2015 {International} {Conference} on},
	publisher = {IEEE},
	author = {Sharma, Shashank and {PYKL Srinivas} and Balabantaray, Rakesh Chandra},
	year = {2015},
	pages = {1468--1473},
	file = {Sharma et al_2015_Text normalization of code mix and sentiment analysis.pdf:/home/arshad/Dropbox/zotero-material/Sharma et al_2015_Text normalization of code mix and sentiment analysis.pdf:application/pdf}
}

@misc{shashank_sharma_sentiment_????,
	title = {Sentiment {Analysis} of {Code} - {Mix} {Script}},
	publisher = {Academia.edu},
	author = {{Shashank Sharma} and {PYKL Srinivas}},
	file = {Shashank Sharma_PYKL Srinivas_Sentiment Analysis of Code - Mix Script.pdf:/home/arshad/Dropbox/zotero-material/Shashank Sharma_PYKL Srinivas_Sentiment Analysis of Code - Mix Script.pdf:application/pdf}
}

@article{shrestha_incremental_2014,
	title = {Incremental {N}-gram {Approach} for {Language} {Identification} in {Code}-{Switched} {Text}},
	journal = {EMNLP 2014},
	author = {Shrestha, Prajwol and Dhulikhel, Nepal},
	year = {2014},
	pages = {133}
}

@article{shweta_rana_sentiment_2014,
	title = {Sentiment {Analysis} for {Hindi} {Text} using {Fuzzy} {Logic}},
	issn = {2249-555X},
	url = {http://www.worldwidejournals.com/ijar/file.php?val=August_2014_1406901800__111.pdf},
	urldate = {2015-12-11},
	author = {{Shweta Rana}},
	month = aug,
	year = {2014},
	file = {Sentiment Analysis for Hindi Text using Fuzzy Logic:/home/arshad/Dropbox/zotero data2/storage/KJGQ345R/file.pdf:application/pdf}
}

@article{singh_sentimental_2015,
	title = {{SENTIMENTAL} {ANALYSIS} {IN} {MASHUP} {LANGUAGES}},
	volume = {8},
	url = {http://search.proquest.com/openview/1ca008050755450d81e9951e6c387753/1?pq-origsite=gscholar},
	number = {4},
	urldate = {2015-11-11},
	journal = {International Journal of Advances in Engineering \& Technology},
	author = {Singh, Jagmeet and Mahajan, Karan},
	year = {2015},
	pages = {663},
	file = {Singh_Mahajan_2015_SENTIMENTAL ANALYSIS IN MASHUP LANGUAGES.pdf:/home/arshad/Dropbox/zotero-material/Singh_Mahajan_2015_SENTIMENTAL ANALYSIS IN MASHUP LANGUAGES.pdf:application/pdf}
}

@article{singh_grammatical_1985,
	title = {{GRAMMATICAL} {CONSTRAINTS} {ON} {CODE}-{MIXING}-{EVIDENCE} {FROM} {HINDI}-{ENGLISH}},
	volume = {30},
	number = {1},
	journal = {CANADIAN JOURNAL OF LINGUISTICS-REVUE CANADIENNE DE LINGUISTIQUE},
	author = {Singh, Rajendra},
	year = {1985},
	pages = {33--45}
}

@article{singh_merging_????,
	title = {Merging {Verb} {Senses} of {Hindi} {WordNet} using {Word} {Embeddings}},
	url = {http://www.cse.iitb.ac.in/~ratishp/merging-senses-hindi-icon2014.pdf},
	urldate = {2015-11-11},
	author = {Singh, Sudha Bhingardive Ratish Puduppully Dhirendra and Bhattacharyya, Pushpak},
	file = {Merging Verb Senses of Hindi WordNet using Word Embeddings.pdf:/home/arshad/Dropbox/zotero data2/storage/5FSU9WGD/Merging Verb Senses of Hindi WordNet using Word Embeddings.pdf:application/pdf}
}

@article{tumsare_opinion_2014,
	title = {{OPINION} {MINING} {IN} {NATURAL} {ANGUAGE} {PROCESSING} {USING} {SENTIWORDNET} {AND} {FUZZY}},
	url = {http://www.ijettcs.org/Volume3Issue3/IJETTCS-2014-06-19-097.pdf},
	urldate = {2015-12-07},
	author = {Tumsare, Pranali and Sambare, Ashish S. and Jain, Sachin R.},
	month = jun,
	year = {2014},
	file = {Tumsare et al_OPINION MINING IN NATURAL ANGUAGE PROCESSING USING SENTIWORDNET AND FUZZY.pdf:/home/arshad/Dropbox/zotero-material/Tumsare et al_OPINION MINING IN NATURAL ANGUAGE PROCESSING USING SENTIWORDNET AND FUZZY.pdf:application/pdf}
}

@inproceedings{vyas_pos_2014,
	title = {Pos tagging of english-hindi code-mixed social media content},
	booktitle = {Proceedings of the {First} {Workshop} on {Codeswitching}, {EMNLP}},
	author = {Vyas, Yogarshi and Gella, Spandana and Sharma, Jatin and Bali, Kalika and Choudhury, Monojit},
	year = {2014},
	file = {Vyas et al_2014_Pos tagging of english-hindi code-mixed social media content.pdf:/home/arshad/Dropbox/zotero-material/Vyas et al_2014_Pos tagging of english-hindi code-mixed social media content.pdf:application/pdf}
}

@misc{_linguistic_????,
	title = {Linguistic resources website, Sharma, Shashank and {PYKL Srinivas} and Balabantaray, Rakesh
        Chandra work on Text normalization of code mix and sentiment analysis},
	url = {http://linguisticresources.weebly.com/downloads.html},
	urldate = {2015-12-12},
	journal = {Linguistic resources},
	file = {Snapshot:/home/arshad/Dropbox/zotero data2/storage/G68Q8MKN/downloads.html:text/html}
}
